<record><leader>00000cas a22000007a 4500</leader><controlfield tag="001">13291774</controlfield><controlfield tag="008">860313c18909999wvuwr ne      0    0eng d</controlfield><datafield ind1=" " ind2=" " tag="010"><subfield code="a">sn 86092398 </subfield></datafield><datafield ind1=" " ind2=" " tag="040"><subfield code="a">WVC</subfield><subfield code="b">eng</subfield><subfield code="c">WVC</subfield><subfield code="d">OCL</subfield><subfield code="d">OCLCQ</subfield></datafield><datafield ind1=" " ind2=" " tag="042"><subfield code="a">msc</subfield></datafield><datafield ind1="0" ind2="4" tag="245"><subfield code="a">The Webster echo.</subfield></datafield><datafield ind1=" " ind2=" " tag="260"><subfield code="a">Addison, W. Va. :</subfield><subfield code="b">P.B. Cogar &amp; M.L. Hambrick</subfield></datafield><datafield ind1=" " ind2=" " tag="300"><subfield code="a">v.</subfield></datafield><datafield ind1=" " ind2=" " tag="310"><subfield code="a">Weekly</subfield></datafield><datafield ind1="1" ind2=" " tag="362"><subfield code="a">Began in 1890?</subfield><subfield code="z">Cf. W. Va. State Gazetteer.</subfield></datafield><datafield ind1=" " ind2=" " tag="500"><subfield code="a">The Editor began using "Webster Springs" as the placename on Nov. 14, 1902. Addison is now the official name of the town and Webster Springs is the name of the P.O.</subfield></datafield><datafield ind1=" " ind2=" " tag="588"><subfield code="a">Description based on: Vol. 9, no. 24 (Apr. 13, 1894).</subfield></datafield><datafield ind1=" " ind2=" " tag="752"><subfield code="a">United States</subfield><subfield code="b">West Virginia</subfield><subfield code="c">Webster</subfield><subfield code="d">Addison.</subfield></datafield><datafield ind1=" " ind2=" " tag="752"><subfield code="a">United States</subfield><subfield code="b">West Virginia</subfield><subfield code="c">Webster</subfield><subfield code="d">Webster Springs.</subfield></datafield><datafield ind1="0" ind2="1" tag="780"><subfield code="t">Webster Springs call</subfield><subfield code="w">(DLC)sn 86092400</subfield></datafield></record>